@comment{This file has been generated by Pybliographer}


@Manual{DoPb,
  Title          = {A{C} {I}ntroduction and {V}oltage {D}ivider},
  Author         = {{Department of Physics}},
  Organization   = {Rutgers, The State University of New Jersey},
  Address        = {Piscataway, New Jersey, United States},
  Note           = {http://www.physics.rutgers.edu/ugrad/327/Lab2.pdf}
}

@Manual{DoP,
  Title          = {D{C} {V}oltage {D}ivider},
  Author         = {{Department of Physics}},
  Organization   = {Rutgers, The State University of New Jersey},
  Address        = {Piscataway, New Jersey, United States},
  Note           = {http://www.physics.rutgers.edu/ugrad/327/Lab1.pdf}
}

@Manual{DoPc,
  Title          = {Two {RLC} {R}esonant {C}ircuits},
  Author         = {{Department of Physics}},
  Organization   = {Rutgers, The State University of New Jersey},
  Address        = {Piscataway, New Jersey, United States},
  Note           = {http://www.physics.rutgers.edu/ugrad/327/Lab3.pdf}
}

@Manual{DoPe,
  Title          = {The 741 {O}p{A}mp},
  Author         = {{Department of Physics}},
  Organization   = {Rutgers, The State University of New Jersey},
  Address        = {Piscataway, New Jersey, United States},
  Note           = {http://www.physics.rutgers.edu/ugrad/327/Lab5.pdf}
}

@Manual{DoP96,
  Title          = {The {F}araday {E}ffect},
  Author         = {{Department of Physics}},
  Organization   = {Rutgers, The State University of New Jersey},
  Address        = {Piscataway, New Jersey, United States},
  year           = 1996
}

@Manual{DoPd,
  Title          = {Diodes and {T}ransistors},
  Author         = {{Department of Physics}},
  Organization   = {Rutgers, The State University of New Jersey},
  Address        = {Piscataway, New Jersey, United States},
  Note           = {http://www.physics.rutgers.edu/ugrad/327/Lab4.pdf}
}

